
@misc{gnublock,
  title = {GNU Basic Blocks},
  howpublished = {\url{https://gcc.gnu.org/onlinedocs/gccint/Basic-Blocks.html}},
  note = {Accessed: 06-12-2016}
}

@article{Allen:1970:CFA:390013.808479,
 author = {Allen, Frances E.},
 title = {Control Flow Analysis},
 journal = {SIGPLAN Not.},
 issue_date = {July 1970},
 volume = {5},
 number = {7},
 month = jul,
 year = {1970},
 issn = {0362-1340},
 pages = {1--19},
 numpages = {19},
 url = {http://doi.acm.org/10.1145/390013.808479},
 doi = {10.1145/390013.808479},
 acmid = {808479},
 publisher = {ACM},
 address = {New York, NY, USA},
}

@inproceedings{Cardelli:1984:CFL:800055.802037,
 author = {Cardelli, Luca},
 title = {Compiling a Functional Language},
 booktitle = {Proceedings of the 1984 ACM Symposium on LISP and Functional Programming},
 series = {LFP '84},
 year = {1984},
 isbn = {0-89791-142-3},
 location = {Austin, Texas, USA},
 pages = {208--217},
 numpages = {10},
 url = {http://doi.acm.org/10.1145/800055.802037},
 doi = {10.1145/800055.802037},
 acmid = {802037},
 publisher = {ACM},
 address = {New York, NY, USA},
} 